%% This BibTeX bibliography file was created using BibDesk.
%% http://bibdesk.sourceforge.net/


%% Created for Brent Seidel at 2011-04-24 15:54:45 -0700 


%% Saved with string encoding Unicode (UTF-8) 



@webpage{Swenson2011,
	Author = {Keith Swenson},
	Date-Added = {2011-04-24 15:49:29 -0700},
	Date-Modified = {2011-04-24 15:50:21 -0700},
	Keywords = {BPMN, BPEL},
	Title = {BPEL: Who Needs it Anyway?},
	Url = {http://www.bpm.com/bpel-who-needs-it.html},
	Year = {2011}}

@webpage{Vigneras2008,
	Author = {Pierre Vign{\'e}ras},
	Date-Added = {2011-04-24 15:47:14 -0700},
	Date-Modified = {2011-04-24 15:54:42 -0700},
	Keywords = {BPMN, BPEL},
	Lastchecked = {24-Apr-2011},
	Title = {Why BPEL is not the holy grail for BPMN},
	Url = {http://www.infoq.com/articles/bpelbpm},
	Urldate = {21-Oct-2008}}

@book{UML24Super,
	Author = {Object Management Group},
	Date-Added = {2011-04-24 10:17:40 -0700},
	Date-Modified = {2011-04-24 10:18:34 -0700},
	Keywords = {UML},
	Lastchecked = {24-Apr-2011},
	Month = {January},
	Publisher = {Object Management GroupO},
	Title = {OMG Unified Modeling Language (OMG UML) Superstructure},
	Url = {http://www.omg.org/spec/UML/2.4/Superstructure/Beta2/PDF},
	Year = {2011},
	Bdsk-Url-1 = {http://www.omg.org/spec/UML/2.4/Superstructure/Beta2/PDF}}

@book{UML24Infra,
	Author = {Object Management Group},
	Date-Added = {2011-04-24 10:14:34 -0700},
	Date-Modified = {2011-04-24 10:17:17 -0700},
	Keywords = {UML},
	Lastchecked = {24-Apr-2011},
	Month = {January},
	Publisher = {Object Management Group},
	Title = {OMG Unified Modeling Language (OMG UML) Infrastructure},
	Url = {http://www.omg.org/spec/UML/2.4/Infrastructure/Beta2/PDF},
	Year = {2011},
	Bdsk-Url-1 = {http://www.omg.org/spec/UML/2.4/Infrastructure/Beta2/PDF}}

@misc{Calliss2008,
	Author = {Frank Calliss},
	Date-Added = {2011-04-22 15:47:23 -0700},
	Date-Modified = {2011-04-22 15:57:03 -0700},
	Howpublished = {CSE 598 Software Analysis and Design - Class Notes},
	Keywords = {UML},
	Month = {February},
	Title = {Object-Oriented Design Analysis and Design and Introduction},
	Year = {2008}}

@book{UML-REF1999,
	Author = {James Rumbaugh and Ivar Jacobson and Grady Booch},
	Date-Added = {2011-04-22 15:30:37 -0700},
	Date-Modified = {2011-04-22 15:32:29 -0700},
	Editor = {Addison-Wesley},
	Keywords = {UML},
	Publisher = {Addison-Wesley},
	Series = {Object Technology},
	Title = {The Unified Modeling Language Reference Manual},
	Year = {1999}}

@book{UML-UG1999,
	Author = {Grady Booch and James Rumbaugh and Ivar Jacobson},
	Date-Added = {2011-04-22 15:28:06 -0700},
	Date-Modified = {2011-04-22 15:32:18 -0700},
	Editor = {Addison-Wesley},
	Keywords = {UML},
	Publisher = {Addison-Wesley},
	Series = {Object Technology},
	Title = {The Unified Modeling Language User Guide},
	Year = {1999}}

@conference{Seifert2004,
	Author = {Tilman Seifert and Gerd Beneken and Niko Baehr},
	Booktitle = {Intl. Conference on Software Engineering and Applications},
	Date-Added = {2011-04-22 09:28:06 -0700},
	Date-Modified = {2011-04-22 09:31:54 -0700},
	Keywords = {MDA, UML},
	Month = {November},
	Pages = {241-246},
	Title = {Engineering Long-Lived Applications Using MDA},
	Year = {2004}}

@article{Sherman1966,
	Author = {Philip M. Sherman},
	Date-Added = {2011-04-21 17:10:50 -0700},
	Date-Modified = {2011-04-21 17:11:57 -0700},
	Journal = {Communications of the ACM},
	Keywords = {Flowchart},
	Month = {December},
	Number = {12},
	Title = {FLOWTRACE, a Computer Program for Flowcharting Programs},
	Volume = {9},
	Year = {1966}}

@proceedings{Recker2006,
	Author = {Jan Recker and Marta Indulska and Michael Rosemann and Peter Green},
	Date-Added = {2011-04-21 15:40:15 -0700},
	Date-Modified = {2011-04-21 15:44:38 -0700},
	Journal = {ECIS 2006 Proceedings},
	Keywords = {BPMN},
	Number = {135},
	Organization = {European Conference on Information Systems},
	Title = {How Good is BPMN Really? Insights from Theory and Practice},
	Year = {2006}}

@article{Chun2006,
	Author = {Chun Ouyang and Marlon Dumas and Stephan Bruetel and Arthur H.M. ter Hofstede},
	Date-Added = {2011-04-21 15:17:50 -0700},
	Date-Modified = {2011-04-24 12:14:30 -0700},
	Institution = {Faculty of Information Technology Queensland University of Technology},
	Journal = {Lecture Notes in Computer Science},
	Keywords = {BPMN, BPEL},
	Pages = {417-432},
	Title = {Translating Standard Process Models to BPEL},
	Volume = {4001/2006},
	Year = {2006}}

@manual{BPMN20,
	Author = {Object Management Group},
	Date-Added = {2011-04-21 14:08:27 -0700},
	Date-Modified = {2011-04-21 14:10:31 -0700},
	Keywords = {BPMN},
	Organization = {Object Management Group},
	Publisher = {Object Management Group},
	Title = {Business Process Model and Notation (BPMN)},
	Year = {2010}}

@techreport{White2004,
	Author = {Stephen A. White},
	Date-Added = {2011-04-21 14:00:22 -0700},
	Date-Modified = {2011-04-21 14:18:19 -0700},
	Institution = {IBM Software Group},
	Keywords = {BPMN},
	Lastchecked = {21-Apr-2011},
	Title = {Introduction to BPMN},
	Url = {http://www.zurich.ibm.com/~olz/teaching/ETH2011/White-BPMN-Intro.pdf},
	Year = {2004},
	Bdsk-Url-1 = {http://www.zurich.ibm.com/~olz/teaching/ETH2011/White-BPMN-Intro.pdf}}

@webpage{BPMNFaq2011,
	Date-Added = {2011-04-21 11:47:40 -0700},
	Date-Modified = {2011-04-21 11:50:14 -0700},
	Institution = {Business Process Management Initiative},
	Keywords = {BPMN},
	Lastchecked = {21-Apr-2011},
	Title = {FAQ},
	Url = {http://www.bpmn.org/Documents/FAQ.htm},
	Bdsk-Url-1 = {http://www.bpmn.org/Documents/FAQ.htm}}

@webpage{Noran2000,
	Author = {Ovidiu S. Noran},
	Date-Added = {2011-04-21 11:36:58 -0700},
	Date-Modified = {2011-04-21 11:38:36 -0700},
	Institution = {Griffith University School of Computing and Information Technology},
	Keywords = {UML, IDEF},
	Lastchecked = {21-Apr-2011},
	Title = {Business Modeling: UML vs. IDEF},
	Url = {http://www.cit.gu.edu.au/~noran/Docs/UMLvsIDEF.pdf},
	Year = {2000},
	Bdsk-Url-1 = {http://www.cit.gu.edu.au/~noran/Docs/UMLvsIDEF.pdf}}

@techreport{Mellor2007,
	Author = {Stephen J. Mellor},
	Date-Added = {2011-04-17 15:58:53 -0700},
	Date-Modified = {2011-04-17 16:04:18 -0700},
	Institution = {Object Management Group},
	Keywords = {MDA, UML},
	Lastchecked = {17-Apr-2011},
	Title = {Embedded Systems in UML},
	Url = {http://www.omg.org/news/whitepapers/050307_Embedded_Systems_in_UML_by_S_Mellor.pdf},
	Year = {2007},
	Bdsk-Url-1 = {http://www.omg.org/news/whitepapers/050307_Embedded_Systems_in_UML_by_S_Mellor.pdf}}

@webpage{CORBA2011,
	Author = {OMG},
	Date-Added = {2011-04-17 11:02:33 -0700},
	Date-Modified = {2011-04-17 11:03:25 -0700},
	Keywords = {OMG, CORBA},
	Lastchecked = {17-Apr-2011},
	Title = {History of CORBA},
	Url = {http://www.omg.org/gettingstarted/history_of_corba.htm},
	Year = {2011},
	Bdsk-Url-1 = {http://www.omg.org/gettingstarted/history_of_corba.htm}}

@webpage{OMG2011,
	Date-Added = {2011-04-17 11:00:15 -0700},
	Date-Modified = {2011-04-17 11:01:35 -0700},
	Keywords = {OMG},
	Lastchecked = {17-Apr-2011},
	Title = {About the Object Management Group},
	Url = {http://www.omg.org/gettingstarted/gettingstartedindex.htm},
	Year = {2011},
	Bdsk-Url-1 = {http://www.omg.org/gettingstarted/gettingstartedindex.htm}}

@book{Brooks1995,
	Address = {Boston, MA, USA},
	Author = {Frederick P. Brooks},
	Date-Added = {2011-04-17 10:40:21 -0700},
	Date-Modified = {2011-04-17 10:45:21 -0700},
	Keywords = {Software Development},
	Publisher = {Addison-Wesley Longman Publishing Co., Inc.},
	Title = {The Mythical Man-Month (anniversary ed.)},
	Year = {1995}}

@misc{Shunk2008,
	Author = {Dan L. Shunk},
	Date-Added = {2011-04-17 10:20:42 -0700},
	Date-Modified = {2011-04-21 14:16:48 -0700},
	Howpublished = {IEE 598 Introduction to Systems Engineering - Class Notes},
	Keywords = {MDA, BPMN},
	Title = {BPMN Overview},
	Url = {SE Module 18 New - BPMN Overview.ppt},
	Year = {2008},
	Bdsk-Url-1 = {SE%20Module%2018%20New%20-%20BPMN%20Overview.ppt}}

@techreport{agrawal2002,
	Author = {Aditya Agrawal and Tihamer Levendovszky and Jon Sprinkle and Feng Shi and Gabor Karsai},
	Date-Added = {2011-04-13 18:18:10 -0700},
	Date-Modified = {2011-04-13 18:21:22 -0700},
	Institution = {Institute for Software-Integrated Systems},
	Keywords = {MDA},
	Lastchecked = {13-Apr-2011},
	School = {Vanderbilt University},
	Title = {Generative Programming via Graph Transformations in the Model-Driven Architecture},
	Url = {http://citeseerx.ist.psu.edu/viewdoc/download?doi=10.1.1.70.4824&rep=rep1&type=pdf},
	Year = {2002},
	Bdsk-Url-1 = {http://citeseerx.ist.psu.edu/viewdoc/download?doi=10.1.1.70.4824&rep=rep1&type=pdf}}

@techreport{siegel2001,
	Author = {Jon Siegel},
	Date-Added = {2011-04-13 18:15:57 -0700},
	Date-Modified = {2011-04-13 18:20:44 -0700},
	Institution = {Object Management Group},
	Keywords = {MDA},
	Lastchecked = {13-Apr-2011},
	Title = {Developing in OMG's New Model-Driven Architecture},
	Url = {https://www.icmgworld.com/corp/developer/whitepapers/UsingMDA.pdf},
	Year = {2001},
	Bdsk-Url-1 = {https://www.icmgworld.com/corp/developer/whitepapers/UsingMDA.pdf}}

@mastersthesis{reda2006,
	Author = {Renas Reda and Yusuf Toezmal},
	Date-Added = {2011-04-13 18:12:25 -0700},
	Date-Modified = {2011-04-13 18:20:21 -0700},
	Institution = {School of Engineering},
	Keywords = {MDA, Thesis},
	Lastchecked = {13-Apr-2011},
	Month = {January},
	School = {Blenkinge Institute of Technology},
	Title = {Model Driven Architecture - Test Methods and Tools},
	Url = {http://citeseerx.ist.psu.edu/viewdoc/download?doi=10.1.1.105.6863&rep=rep1&type=pdf},
	Year = {2006},
	Bdsk-Url-1 = {http://citeseerx.ist.psu.edu/viewdoc/download?doi=10.1.1.105.6863&rep=rep1&type=pdf}}

@techreport{mellor,
	Author = {Stephen J. Mellor and Kendall Scott and Axel Uhl and Dirk Weise},
	Date-Added = {2011-04-13 18:06:37 -0700},
	Date-Modified = {2011-04-13 18:09:23 -0700},
	Institution = {Interactive Objects Software},
	Keywords = {MDA},
	Lastchecked = {13-Apr-2011},
	Title = {Model-Driven Architecture},
	Url = {http://www.imamu.edu.sa/dcontent/IT_Topics/java/axel.pdf},
	Bdsk-Url-1 = {http://www.imamu.edu.sa/dcontent/IT_Topics/java/axel.pdf}}

@misc{poole2001,
	Author = {John D. Poole},
	Date-Added = {2011-03-29 11:37:35 -0700},
	Date-Modified = {2011-03-29 11:40:22 -0700},
	Institution = {Hyperion Solutions Corporation},
	Keywords = {MDA},
	Lastchecked = {29-Mar-2011},
	Month = {April},
	Organization = {Workshop on Metamodeling and Adaptive Object Models},
	Title = {Model-Driven Architecture: Vision, Standards and Emerging Technologies},
	Url = {http://www.omg.org/mda/mda_files/Model-Driven_Architecture.pdf},
	Year = {2001},
	Bdsk-Url-1 = {http://www.omg.org/mda/mda_files/Model-Driven_Architecture.pdf}}
